% ----------------------------
%
%    FROM ASE PAPER
%
% ----------------------------


@article{deepsense,
    author = {Yao, Shuochao and Hu, Shaohan and Zhao, Yiran and Zhang, Aston and Abdelzaher, Tarek},
    isbn = {9781450349130},
    keywords = {Activity Recognition,Deep Learning,Internet of Things,Mobile Computing,Mobile Sensing,Tracking,User Identification},
    title = {{DeepSense: a Unified Deep Learning Framework for Time-Series Mobile Sensing Data Processing}},
    url = {http://dx.doi.org/10.1145/3038912.3052577},
    year = {2017}
}

@inproceedings{wang2017time,
  title={Time series classification from scratch with deep neural networks: A strong baseline},
  author={Wang, Zhiguang and Yan, Weizhong and Oates, Tim},
  booktitle={2017 International joint conference on neural networks (IJCNN)},
  pages={1578--1585},
  year={2017},
  organization={IEEE}
}

@inproceedings{morales2016deep,
  title={Deep convolutional feature transfer across mobile activity recognition domains, sensor modalities and locations},
  author={Morales, Francisco Javier Ord{\'o}{\~n}ez and Roggen, Daniel},
  booktitle={Proceedings of the 2016 ACM International Symposium on Wearable Computers},
  pages={92--99},
  year={2016}
}

@article{murad2017deep,
  title={Deep recurrent neural networks for human activity recognition},
  author={Murad, Abdulmajid and Pyun, Jae-Young},
  journal={Sensors},
  volume={17},
  number={11},
  pages={2556},
  year={2017},
  publisher={Multidisciplinary Digital Publishing Institute}
}

@inproceedings{singh2017transforming,
  title={Transforming sensor data to the image domain for deep learning—An application to footstep detection},
  author={Singh, Monit Shah and Pondenkandath, Vinaychandran and Zhou, Bo and Lukowicz, Paul and Liwickit, Marcus},
  booktitle={2017 International Joint Conference on Neural Networks (IJCNN)},
  pages={2665--2672},
  year={2017},
  organization={IEEE}
}

@article{zheng2016exploiting,
  title={Exploiting multi-channels deep convolutional neural networks for multivariate time series classification},
  author={Zheng, Yi and Liu, Qi and Chen, Enhong and Ge, Yong and Zhao, J Leon},
  journal={Frontiers of Computer Science},
  volume={10},
  number={1},
  pages={96--112},
  year={2016},
  publisher={Springer}
}

@inproceedings{zeng2014convolutional,
  title={Convolutional neural networks for human activity recognition using mobile sensors},
  author={Zeng, Ming and Nguyen, Le T and Yu, Bo and Mengshoel, Ole J and Zhu, Jiang and Wu, Pang and Zhang, Joy},
  booktitle={6th International Conference on Mobile Computing, Applications and Services},
  pages={197--205},
  year={2014},
  organization={IEEE}
}

@inproceedings{yang2015deep,
  title={Deep convolutional neural networks on multichannel time series for human activity recognition},
  author={Yang, Jianbo and Nguyen, Minh Nhut and San, Phyo Phyo and Li, Xiao Li and Krishnaswamy, Shonali},
  booktitle={Twenty-Fourth International Joint Conference on Artificial Intelligence},
  year={2015}
}

@techreport{Ebrahimzadeh2019,
    archivePrefix = {arXiv},
    arxivId = {1905.06913v1},
    author = {Ebrahimzadeh, Zahra and Zheng, Min and Karakas, Selcuk and Kleinberg, Samantha},
    eprint = {1905.06913v1},
    title = {{Deep Learning for Multi-Scale Changepoint Detection in Multivariate Time Series}},
    year = {2019}
}

@article{Ordonez2016,
    author = {Ord{\'{o}}{\~{n}}ez, Francisco and Roggen, Daniel},
    issn = {1424-8220},
    journal = {Sensors},
    month = {jan},
    number = {1},
    pages = {115},
    title = {{Deep Convolutional and LSTM Recurrent Neural Networks for Multimodal Wearable Activity Recognition}},
    url = {http://www.mdpi.com/1424-8220/16/1/115},
    volume = {16},
    year = {2016}
}

@article{Farid2004,
    author = {Farid, Hany and Simoncelli, Eero P},
    journal = {IEEE TRANSACTIONS ON IMAGE PROCESSING},
    keywords = {Index Terms-Derivative,digital filter design,discrete differentiation,gradient,steerability},
    number = {4},
    pages = {496--508},
    title = {{Differentiation of Discrete Multidimensional Signals}},
    volume = {13},
    year = {2004}
}

@article{Lavielle1999,
    author = {Lavielle, Marc},
    issn = {0304-4149},
    journal = {Stochastic Processes and their Applications},
    month = {sep},
    number = {1},
    pages = {79--102},
    publisher = {North-Holland},
    title = {{Detection of multiple changes in a sequence of dependent variables}},
    url = {https://www.sciencedirect.com/science/article/pii/S030441499900023X},
    volume = {83},
    year = {1999}
}

@article{Ives2012,
    author = {Ives, Anthony R. and Dakos, Vasilis},
    issn = {2150-8925},
    journal = {Ecosphere},
    month = {jun},
    number = {6},
    pages = {art58},
    publisher = {John Wiley {\&} Sons, Ltd},
    title = {{Detecting dynamical changes in nonlinear time series using locally linear state-space models}},
    url = {http://doi.wiley.com/10.1890/ES11-00347.1},
    volume = {3},
    year = {2012}
}

@inproceedings{Papadopoulos2015,
    author = {Papadopoulos, Petros and Walkinshaw, Neil},
    booktitle = {Proceedings - 4th International Workshop on Realizing Artificial Intelligence Synergies in Software Engineering, RAISE 2015},
    isbn = {9781479919345},
    issn = {01486071},
    month = {may},
    pages = {19--24},
    pmid = {21097767},
    publisher = {IEEE},
    title = {{Black-box test generation from inferred models}},
    url = {http://ieeexplore.ieee.org/document/7168327/},
    year = {2015}
}


@article{Blythe2012,
    author = {Blythe, Duncan A.J. and {Von Bunau}, Paul and Meinecke, Frank C. and Muller, Klaus Robert},
    issn = {2162237X},
    journal = {IEEE Transactions on Neural Networks and Learning Systems},
    month = {apr},
    number = {4},
    pages = {631--643},
    title = {{Feature extraction for change-point detection using stationary subspace analysis}},
    url = {http://ieeexplore.ieee.org/document/6151166/},
    volume = {23},
    year = {2012}
}

@article{jafar2019interactive,
  title={Interactive Semi-automated Specification Mining for Debugging: An Experience Report},
  author={Mashhadi, Mohammad Jafar and Siddiqui, Taha R and Hemmati, Hadi and Loewen, Howard},
  journal={arXiv preprint arXiv:1905.02245},
  year={2019}
}

@article{dallmeier2011automatically,
  title={Automatically generating test cases for specification mining},
  author={Dallmeier, Valentin and Knopp, Nikolai and Mallon, Christoph and Fraser, Gordon and Hack, Sebastian and Zeller, Andreas},
  journal={IEEE Transactions on Software Engineering},
  volume={38},
  number={2},
  pages={243--257},
  year={2011},
  publisher={IEEE}
}

@inproceedings{dallmeier2006mining,
  title={Mining object behavior with ADABU},
  author={Dallmeier, Valentin and Lindig, Christian and Wasylkowski, Andrzej and Zeller, Andreas},
  booktitle={Proceedings of the 2006 international workshop on Dynamic systems analysis},
  pages={17--24},
  year={2006}
}

@article{ernst2007daikon,
  title={The Daikon system for dynamic detection of likely invariants},
  author={Ernst, Michael D and Perkins, Jeff H and Guo, Philip J and McCamant, Stephen and Pacheco, Carlos and Tschantz, Matthew S and Xiao, Chen},
  journal={Science of computer programming},
  volume={69},
  number={1-3},
  pages={35--45},
  year={2007},
  publisher={Elsevier}
}

@article{Parmar2016,
    author = {Parmar, Priya and Patel, Miral},
    journal = {International Journal of Computer Applications},
    number = {9},
    pages = {6--13},
    title = {{Software Fault Localization: A Survey}},
    volume = {154},
    year = {2016}
}

@article{khan2019deep,
    title={Deep density ratio estimation for change point detection},
    author={Haidar Khan and Lara Marcuse and Bülent Yener},
    year={2019},
    eprint={1905.09876},
    archivePrefix={arXiv},
    primaryClass={cs.LG}
}

@book{feedbacksystemsBook,
    address = {Princeton},
    author = {\r{A}str{\"o}m, Karl J (Karl Johan)},
    isbn = {9780691135762},
    keywords = {Feedback control systems},
    publisher = {Princeton University Press},
    title = {{Feedback systems : an introduction for scientists and engineers}},
    year = {2008}
}

@article{Che2018,
    archivePrefix = {arXiv},
    arxivId = {1606.01865},
    author = {Che, Zhengping and Purushotham, Sanjay and Cho, Kyunghyun and Sontag, David and Liu, Yan},
    eprint = {1606.01865},
    issn = {20452322},
    journal = {Scientific Reports},
    month = {dec},
    number = {1},
    pages = {1--12},
    publisher = {Nature Publishing Group},
    title = {{Recurrent Neural Networks for Multivariate Time Series with Missing Values}},
    volume = {8},
    year = {2018}
}

@techreport{Lee2018TimeSeriesSegmentation,
    archivePrefix = {arXiv},
    arxivId = {1801.05394v2},
    author = {Lee, Wei-Han and Ortiz, Jorge and Ko, Bongjun and Lee, Ruby},
    eprint = {1801.05394v2},
    title = {{Time Series Segmentation through Automatic Feature Learning}},
    volume = {13},
    year = {2018}
}

@inproceedings{b1,
    title={Active learning for automatic classification of software behavior},
    author={Bowring, James F and Rehg, James M and Harrold, Mary Jean},
    booktitle={ACM SIGSOFT Software Engineering Notes},
    volume={29},
    number={4},
    pages={195--205},
    year={2004},
    organization={ACM}
}

@article{kingma2014adam,
  title={Adam: A method for stochastic optimization},
  author={Kingma, Diederik P and Ba, Jimmy},
  journal={arXiv preprint arXiv:1412.6980},
  year={2014}
}


@phdthesis{hybriddebugging,
  title={An Extensible Debugging Architecture Based on a Hybrid Debugging Framework},
  author={Al-Sharif, Ziad A},
  year={2009},
  school={University of Idaho}
}


@inproceedings{shang2013assisting,
  title={Assisting developers of big data analytics applications when deploying on hadoop clouds},
  author={Shang, Weiyi and Jiang, Zhen Ming and Hemmati, Hadi and Adams, Bram and Hassan, Ahmed E and Martin, Patrick},
  booktitle={Proceedings of the 2013 International Conference on Software Engineering},
  pages={402--411},
  year={2013},
  organization={IEEE Press}
}


@Inbook{Walkinshaw2018TestingBlackBox,
author="Walkinshaw, Neil",
editor="Bennaceur, Amel
and H{\"a}hnle, Reiner
and Meinke, Karl",
title="Testing Functional Black-Box Programs Without a Specification",
bookTitle="Machine Learning for Dynamic Software Analysis: Potentials and Limits: International Dagstuhl Seminar 16172, Dagstuhl Castle, Germany, April 24-27, 2016, Revised Papers",
year="2018",
publisher="Springer International Publishing",
address="Cham",
pages="101--120",
isbn="978-3-319-96562-8",
doi="10.1007/978-3-319-96562-8_4",
url="https://doi.org/10.1007/978-3-319-96562-8_4"
}

@Article{ModelBasedTesting,
author={I. {Schieferdecker}},
journal={IEEE Software},
title={Model-Based Testing},
year={2012},
volume={29},
number={1},
pages={14-18},
keywords={program testing;model-based testing;MBT;Software testing;Software design;Modeling;Testing;Model-based testing;model-based testing;software;engineering;technology;tools;methods Fokus!MBT;MBT},
doi={10.1109/MS.2012.13},
ISSN={1937-4194},
month={Jan},}


@techreport{rumelhart1985learning,
  title={Learning internal representations by error propagation},
  author={Rumelhart, David E and Hinton, Geoffrey E and Williams, Ronald J},
  year={1985},
  institution={California Univ San Diego La Jolla Inst for Cognitive Science}
}

@book{chen2011parametric,
  title={Parametric statistical change point analysis: with applications to genetics, medicine, and finance},
  author={Chen, Jie and Gupta, Arjun K},
  year={2011},
  publisher={Springer Science \& Business Media}
}

@article{hasan2014information,
  title={An information-based approach to the change-point problem of the noncentral skew t distribution with applications to stock market data},
  author={Hasan, Abeer and Ning, Wei and Gupta, Arjun K},
  journal={Sequential Analysis},
  volume={33},
  number={4},
  pages={458--474},
  year={2014},
  publisher={Taylor \& Francis}
}

@article{hsu1982bayesian,
  title={A Bayesian robust detection of shift in the risk structure of stock market returns},
  author={Hsu, DA},
  journal={Journal of the American Statistical Association},
  volume={77},
  number={377},
  pages={29--39},
  year={1982},
  publisher={Taylor \& Francis Group}
}

@inproceedings{lee2017implicit,
  title={Implicit smartphone user authentication with sensors and contextual machine learning},
  author={Lee, Wei-Han and Lee, Ruby B},
  booktitle={2017 47th Annual IEEE/IFIP International Conference on Dependable Systems and Networks (DSN)},
  pages={297--308},
  year={2017},
  organization={IEEE}
}

@article{oh2002analyzing,
  title={Analyzing stock market tick data using piecewise nonlinear model},
  author={Oh, Kyong Joo and Kim, Kyoung-jae},
  journal={Expert Systems with Applications},
  volume={22},
  number={3},
  pages={249--255},
  year={2002},
  publisher={Elsevier}
}

@inproceedings{ramos2016anomalies,
  title={Anomalies Detection in Wireless Sensor Networks Using Bayesian Changepoints},
  author={Ramos, Rychelly Glenneson da S and Ribeiro, Paulo and Cardoso, Jos{\'e} Vin{\'\i}cius de M},
  booktitle={2016 IEEE 13th International Conference on Mobile Ad Hoc and Sensor Systems (MASS)},
  pages={384--385},
  year={2016},
  organization={IEEE}
}


@article{reeves2007review,
  title={A review and comparison of changepoint detection techniques for climate data},
  author={Reeves, Jaxk and Chen, Jien and Wang, Xiaolan L and Lund, Robert and Lu, Qi Qi},
  journal={Journal of applied meteorology and climatology},
  volume={46},
  number={6},
  pages={900--915},
  year={2007}
}

@article{rosenfield2010change,
  title={Change point analysis for longitudinal physiological data: detection of cardio-respiratory changes preceding panic attacks},
  author={Rosenfield, David and Zhou, Enlu and Wilhelm, Frank H and Conrad, Ansgar and Roth, Walton T and Meuret, Alicia E},
  journal={Biological psychology},
  volume={84},
  number={1},
  pages={112--120},
  year={2010},
  publisher={Elsevier}
}

@article{wang2011non,
  title={Non-parametric change-point method for differential gene expression detection},
  author={Wang, Yao and Wu, Chunguo and Ji, Zhaohua and Wang, Binghong and Liang, Yanchun},
  journal={PloS one},
  volume={6},
  number={5},
  year={2011},
  publisher={Public Library of Science}
}


@inproceedings{xie2013sequential,
  title={Sequential multi-sensor change-point detection},
  author={Xie, Yao and Siegmund, David},
  booktitle={2013 Information Theory and Applications Workshop (ITA)},
  pages={1--20},
  year={2013},
  organization={IEEE}
}

@article{yamanishi2004line,
  title={On-line unsupervised outlier detection using finite mixtures with discounting learning algorithms},
  author={Yamanishi, Kenji and Takeuchi, Jun-Ichi and Williams, Graham and Milne, Peter},
  journal={Data Mining and Knowledge Discovery},
  volume={8},
  number={3},
  pages={275--300},
  year={2004},
  publisher={Springer}
}

@article{Truong2018ChangePointSurvey,
    archivePrefix = {arXiv},
    arxivId = {1801.00718},
    author = {Truong, Charles and Oudre, Laurent and Vayatis, Nicolas},
    eprint = {1801.00718},
    mendeley-groups = {Time Series},
    month = {jan},
    title = {{Selective review of offline change point detection methods}},
    url = {http://arxiv.org/abs/1801.00718},
    year = {2018}
}


@article{adams2007bayesian,
  title={Bayesian Online Changepoint Detection},
  author={Adams, Ryan Prescott and MacKay, David JC},
  journal={stat},
  volume={1050},
  pages={19},
  year={2007}
}


@article{chowdhury2012bayesian,
  title={Bayesian on-line spectral change point detection: a soft computing approach for on-line ASR},
  author={Chowdhury, Md Foezur Rahman and Selouani, S-A and O’Shaughnessy, D},
  journal={International Journal of Speech Technology},
  volume={15},
  number={1},
  pages={5--23},
  year={2012},
  publisher={Springer}
}


@article{bai1997estimation,
  title={Estimation of a change point in multiple regression models},
  author={Bai, Jushan},
  journal={Review of Economics and Statistics},
  volume={79},
  number={4},
  pages={551--563},
  year={1997},
  publisher={MIT Press}
}

@article{bai1998testing,
  title={Testing for and dating common breaks in multivariate time series},
  author={Bai, Jushan and Lumsdaine, Robin L and Stock, James H},
  journal={The Review of Economic Studies},
  volume={65},
  number={3},
  pages={395--432},
  year={1998},
  publisher={Wiley-Blackwell}
}

@article{barry1993bayesian,
  title={A Bayesian analysis for change point problems},
  author={Barry, Daniel and Hartigan, John A},
  journal={Journal of the American Statistical Association},
  volume={88},
  number={421},
  pages={309--319},
  year={1993},
  publisher={Taylor \& Francis}
}

@article{erdman2008fast,
  title={A fast Bayesian change point analysis for the segmentation of microarray data},
  author={Erdman, Chandra and Emerson, John W},
  journal={Bioinformatics},
  volume={24},
  number={19},
  pages={2143--2148},
  year={2008},
  publisher={Oxford University Press}
}

@article{ray2002bayesian,
  title={Bayesian methods for change-point detection in long-range dependent processes},
  author={Ray, Bonnie K and Tsay, Ruey S},
  journal={Journal of Time Series Analysis},
  volume={23},
  number={6},
  pages={687--705},
  year={2002},
  publisher={Wiley Online Library}
}

@article{lavielle2005using,
  title={Using penalized contrasts for the change-point problem},
  author={Lavielle, Marc},
  journal={Signal processing},
  volume={85},
  number={8},
  pages={1501--1510},
  year={2005},
  publisher={Elsevier}
}

@article{keshavarz2018optimal,
  title={Optimal change point detection in Gaussian processes},
  author={Keshavarz, Hossein and Scott, Clayton and Nguyen, XuanLong},
  journal={Journal of Statistical Planning and Inference},
  volume={193},
  pages={151--178},
  year={2018},
  publisher={Elsevier}
}

@article{pein2017heterogeneous,
  title={Heterogeneous change point inference},
  author={Pein, Florian and Sieling, Hannes and Munk, Axel},
  journal={Journal of the Royal Statistical Society: Series B (Statistical Methodology)},
  volume={79},
  number={4},
  pages={1207--1227},
  year={2017},
  publisher={Wiley Online Library}
}

@article{walkinshaw2016inferring,
  title={Inferring extended finite state machine models from software executions},
  author={Walkinshaw, Neil and Taylor, Ramsay and Derrick, John},
  journal={Empirical Software Engineering},
  volume={21},
  number={3},
  pages={811--853},
  year={2016},
  publisher={Springer}
}

@article{angelosante2012group,
  title={Group lassoing change-points in piecewise-constant AR processes},
  author={Angelosante, Daniele and Giannakis, Georgios B},
  journal={EURASIP Journal on Advances in Signal Processing},
  volume={2012},
  number={1},
  pages={70},
  year={2012},
  publisher={Springer}
}

@article{fryzlewicz2014wild,
  title={Wild binary segmentation for multiple change-point detection},
  author={Fryzlewicz, Piotr and others},
  journal={The Annals of Statistics},
  volume={42},
  number={6},
  pages={2243--2281},
  year={2014},
  publisher={Institute of Mathematical Statistics}
}

@article{wang2019deep,
  title={Deep learning for sensor-based activity recognition: A survey},
  author={Wang, Jindong and Chen, Yiqiang and Hao, Shuji and Peng, Xiaohui and Hu, Lisha},
  journal={Pattern Recognition Letters},
  volume={119},
  pages={3--11},
  year={2019},
  publisher={Elsevier}
}

@inproceedings{bengio2013deep,
  title={Deep learning of representations: Looking forward},
  author={Bengio, Yoshua},
  booktitle={International Conference on Statistical Language and Speech Processing},
  pages={1--37},
  year={2013},
  organization={Springer}
}

@article{biermann1972synthesis,
  title={On the synthesis of finite-state machines from samples of their behavior},
  author={Biermann, Alan W and Feldman, Jerome A},
  journal={IEEE transactions on Computers},
  volume={100},
  number={6},
  pages={592--597},
  year={1972},
  publisher={IEEE}
}

@inproceedings{lorenzoli2008automatic,
  title={Automatic generation of software behavioral models},
  author={Lorenzoli, Davide and Mariani, Leonardo and Pezz{\`e}, Mauro},
  booktitle={Proceedings of the 30th international conference on Software engineering},
  pages={501--510},
  year={2008}
}

@inproceedings{lang1998results,
  title={Results of the abbadingo one DFA learning competition and a new evidence-driven state merging algorithm},
  author={Lang, Kevin J and Pearlmutter, Barak A and Price, Rodney A},
  booktitle={International Colloquium on Grammatical Inference},
  pages={1--12},
  year={1998},
  organization={Springer}
}

@article{lecun2015deep,
  title={Deep learning},
  author={LeCun, Yann and Bengio, Yoshua and Hinton, Geoffrey},
  journal={nature},
  volume={521},
  number={7553},
  pages={436--444},
  year={2015},
  publisher={Nature Publishing Group}
}

@article{cho2014learning,
  title={Learning phrase representations using RNN encoder-decoder for statistical machine translation},
  author={Cho, Kyunghyun and Van Merri{\"e}nboer, Bart and Gulcehre, Caglar and Bahdanau, Dzmitry and Bougares, Fethi and Schwenk, Holger and Bengio, Yoshua},
  journal={arXiv preprint arXiv:1406.1078},
  year={2014}
}

@article{zhang2000predicting,
  title={Predicting chaotic time series using recurrent neural network},
  author={Zhang, Jia-Shu and Xiao, Xian-Ci},
  journal={Chinese Physics Letters},
  volume={17},
  number={2},
  pages={88},
  year={2000},
  publisher={IOP Publishing}
}

@phdthesis{Khan2019thesis,
    title    = {Predicting Change Points in Multivariate Time Series Data},
    school   = {Rensselaer Polytechnic Institute},
    author   = {Khan, Haidar},
    year     = {2019},
}

@inproceedings{milletari2016v,
  title={V-net: Fully convolutional neural networks for volumetric medical image segmentation},
  author={Milletari, Fausto and Navab, Nassir and Ahmadi, Seyed-Ahmad},
  booktitle={2016 Fourth International Conference on 3D Vision (3DV)},
  pages={565--571},
  year={2016},
  organization={IEEE}
}

@inproceedings{ronneberger2015u,
  title={U-net: Convolutional networks for biomedical image segmentation},
  author={Ronneberger, Olaf and Fischer, Philipp and Brox, Thomas},
  booktitle={International Conference on Medical image computing and computer-assisted intervention},
  pages={234--241},
  year={2015},
  organization={Springer}
}

@article{simonyan2014very,
  title={Very deep convolutional networks for large-scale image recognition},
  author={Simonyan, Karen and Zisserman, Andrew},
  journal={arXiv preprint arXiv:1409.1556},
  year={2014}
}


@inproceedings{perslev2019u,
  title={U-Time: A Fully Convolutional Network for Time Series Segmentation Applied to Sleep Staging},
  author={Perslev, Mathias and Jensen, Michael and Darkner, Sune and Jennum, Poul J{\o}rgen and Igel, Christian},
  booktitle={Advances in Neural Information Processing Systems},
  pages={4417--4428},
  year={2019}
}

@inproceedings{valdes2000adaptive,
  title={Adaptive, model-based monitoring for cyber attack detection},
  author={Valdes, Alfonso and Skinner, Keith},
  booktitle={International Workshop on Recent Advances in Intrusion Detection},
  pages={80--93},
  year={2000},
  organization={Springer}
}

@article{damas2005generating,
  title={Generating annotated behavior models from end-user scenarios},
  author={Damas, Christophe and Lambeau, Bernard and Dupont, Pierre and Van Lamsweerde, Axel},
  journal={IEEE Transactions on Software Engineering},
  volume={31},
  number={12},
  pages={1056--1073},
  year={2005},
  publisher={IEEE}
}

@article{killick2012optimal,
  title={Optimal detection of changepoints with a linear computational cost},
  author={Killick, Rebecca and Fearnhead, Paul and Eckley, Idris A},
  journal={Journal of the American Statistical Association},
  volume={107},
  number={500},
  pages={1590--1598},
  year={2012},
  publisher={Taylor \& Francis}
}

@inproceedings{zeiler2014visualizing,
  title={Visualizing and understanding convolutional networks},
  author={Zeiler, Matthew D and Fergus, Rob},
  booktitle={European conference on computer vision},
  pages={818--833},
  year={2014},
  organization={Springer}
}

@article{takeuchi2006unifying,
  title={A unifying framework for detecting outliers and change points from time series},
  author={Takeuchi, Jun-ichi and Yamanishi, Kenji},
  journal={IEEE transactions on Knowledge and Data Engineering},
  volume={18},
  number={4},
  pages={482--492},
  year={2006},
  publisher={IEEE}
}

@inproceedings{ide2007change,
  title={Change-point detection using krylov subspace learning},
  author={Id{\'e}, Tsuyoshi and Tsuda, Koji},
  booktitle={Proceedings of the 2007 SIAM International Conference on Data Mining},
  pages={515--520},
  year={2007},
  organization={SIAM}
}

@book{basseville1993detection,
  title={Detection of abrupt changes: theory and application},
  author={Basseville, Mich{\`e}le and Nikiforov, Igor V and others},
  volume={104},
  year={1993},
  publisher={prentice Hall Englewood Cliffs}
}

@article{desobry2005online,
  title={An online kernel change detection algorithm},
  author={Desobry, Fr{\'e}d{\'e}ric and Davy, Manuel and Doncarli, Christian},
  journal={IEEE Transactions on Signal Processing},
  volume={53},
  number={8},
  pages={2961--2974},
  year={2005},
  publisher={IEEE}
}

@inproceedings{hido2008unsupervised,
  title={Unsupervised change analysis using supervised learning},
  author={Hido, Shohei and Id{\'e}, Tsuyoshi and Kashima, Hisashi and Kubo, Harunobu and Matsuzawa, Hirofumi},
  booktitle={Pacific-Asia Conference on Knowledge Discovery and Data Mining},
  pages={148--159},
  year={2008},
  organization={Springer}
}

@inproceedings{krka2014automatic,
  title={Automatic mining of specifications from invocation traces and method invariants},
  author={Krka, Ivo and Brun, Yuriy and Medvidovic, Nenad},
  booktitle={Proceedings of the 22nd ACM SIGSOFT International Symposium on Foundations of Software Engineering},
  pages={178--189},
  year={2014}
}

@inproceedings{Lo2007Mining,
    author = {Lo, David and Maoz, Shahar and Khoo, Siau-Cheng},
    title = {Mining Modal Scenario-Based Specifications from Execution Traces of Reactive Systems},
    year = {2007},
    isbn = {9781595938824},
    publisher = {Association for Computing Machinery},
    address = {New York, NY, USA},
    url = {https://doi.org/10.1145/1321631.1321710},
    doi = {10.1145/1321631.1321710},
    booktitle = {Proceedings of the Twenty-Second IEEE/ACM International Conference on Automated Software Engineering},
    pages = {465–468},
    numpages = {4},
    keywords = {UML sequence diagrams, specification mining, dynamic analysis, live sequence charts},
    location = {Atlanta, Georgia, USA},
    series = {ASE ’07}
}
  


@incollection{beschastnikh2011mining,
  title={Mining temporal invariants from partially ordered logs},
  author={Beschastnikh, Ivan and Brun, Yuriy and Ernst, Michael D and Krishnamurthy, Arvind and Anderson, Thomas E},
  booktitle={Managing Large-scale Systems via the Analysis of System Logs and the Application of Machine Learning Techniques},
  pages={1--10},
  year={2011}
}

@inproceedings{beschastnikh2014inferring,
  title={Inferring models of concurrent systems from logs of their behavior with CSight},
  author={Beschastnikh, Ivan and Brun, Yuriy and Ernst, Michael D and Krishnamurthy, Arvind},
  booktitle={Proceedings of the 36th International Conference on Software Engineering},
  pages={468--479},
  year={2014}
}

@inproceedings{beschastnikh2011leveraging,
  title={Leveraging existing instrumentation to automatically infer invariant-constrained models},
  author={Beschastnikh, Ivan and Brun, Yuriy and Schneider, Sigurd and Sloan, Michael and Ernst, Michael D},
  booktitle={Proceedings of the 19th ACM SIGSOFT symposium and the 13th European conference on Foundations of software engineering},
  pages={267--277},
  year={2011}
}

@inproceedings{groz2018revisiting,
  title={Revisiting AI and testing methods to infer FSM models of black-box systems},
  author={Groz, Roland and Simao, Adenilso and Bremond, Nicolas and Oriat, Catherine},
  booktitle={2018 IEEE/ACM 13th International Workshop on Automation of Software Test (AST)},
  pages={16--19},
  year={2018},
  organization={IEEE}
}

@incollection{sudre2017generalised,
  title={Generalised dice overlap as a deep learning loss function for highly unbalanced segmentations},
  author={Sudre, Carole H and Li, Wenqi and Vercauteren, Tom and Ourselin, Sebastien and Cardoso, M Jorge},
  booktitle={Deep learning in medical image analysis and multimodal learning for clinical decision support},
  pages={240--248},
  year={2017},
  publisher={Springer}
}

@inproceedings{keogh2001online,
  title={An online algorithm for segmenting time series},
  author={Keogh, Eamonn and Chu, Selina and Hart, David and Pazzani, Michael},
  booktitle={Proceedings 2001 IEEE international conference on data mining},
  pages={289--296},
  year={2001},
  organization={IEEE}
}

@book{lo2011mining,
  title={Mining software specifications: methodologies and applications},
  author={Lo, David and Khoo, Siau-Cheng and Han, Jiawei and Liu, Chao},
  year={2011},
  publisher={CRC Press}
}

@inproceedings{valdes00Adaptive,
  title={Adaptive, model-based monitoring for cyber attack detection},
  author={Valdes, Alfonso and Skinner, Keith},
  booktitle={International Workshop on Recent Advances in Intrusion Detection},
  pages={80--93},
  year={2000},
  organization={Springer}
}

@inproceedings{Mihai07Mining,
  title={Mining specifications of malicious behavior},
  author={Christodorescu, Mihai and Jha, Somesh and Kruegel, Christopher},
  booktitle={Proceedings of the the 6th joint meeting of the European software engineering conference and the ACM SIGSOFT symposium on The foundations of software engineering},
  pages={5--14},
  year={2007},
  organization={ACM}
}

@article{aminikhanghahi2017survey,
  title={A survey of methods for time series change point detection},
  author={Aminikhanghahi, Samaneh and Cook, Diane J},
  journal={Knowledge and information systems},
  volume={51},
  number={2},
  pages={339--367},
  year={2017},
  publisher={Springer}
}

@article{edwards2001framework,
  title={A framework for practical, automated black-box testing of component-based software},
  author={Edwards, Stephen H},
  journal={Software Testing, Verification and Reliability},
  volume={11},
  number={2},
  pages={97--111},
  year={2001},
  publisher={Wiley Online Library}
}

@inproceedings{maas2013rectifier,
  title={Rectifier nonlinearities improve neural network acoustic models},
  author={Maas, Andrew L and Hannun, Awni Y and Ng, Andrew Y},
  booktitle={Proc. icml},
  volume={30},
  number={1},
  pages={3},
  year={2013}
}

@article{scott1974cluster,
  title={A cluster analysis method for grouping means in the analysis of variance},
  author={Scott, Andrew Jhon and Knott, M},
  journal={Biometrics},
  pages={507--512},
  year={1974},
  publisher={JSTOR}
}

@inproceedings{lemire2007better,
  title={A better alternative to piecewise linear time series segmentation},
  author={Lemire, Daniel},
  booktitle={Proceedings of the 2007 SIAM International Conference on Data Mining},
  pages={545--550},
  year={2007},
  organization={SIAM}
}

% ----------------------------
%
%    END OF ASE PAPER
%
% ----------------------------
